@article{goldschmidt2015data,
  title={Data mining: conceitos, t{\'e}cnicas, algoritmos, orienta{\c{c}}{\~o}es e aplica{\c{c}}{\~o}es},
  author={Goldschmidt, Ronaldo and Bezerra, Eduardo and Passos, E},
  journal={Rio de Janeiro-RJ: Elsevier},
  pages={56--60},
  year={2015}
}

@inproceedings{zaharia2012rdd,
  title={Resilient distributed datasets: A fault-tolerant abstraction for in-memory cluster computing},
  author={Zaharia, Matei and Chowdhury, Mosharaf and Das, Tathagata and Dave, Ankur and Ma, Justin and McCauley, Murphy and Franklin, Michael J and Shenker, Scott and Stoica, Ion},
  booktitle={Proceedings of the 9th USENIX conference on Networked Systems Design and Implementation},
  year={2012},
  organization={USENIX Association}
}

@article{mcafee2012big,
  title={Big data: the management revolution},
  author={McAfee, Andrew and Brynjolfsson, Erik and Davenport, Thomas H and Patil, DJ and Barton, Dominic},
  journal={Harvard business review},
  volume={90},
  number={10},
  pages={60--68},
  year={2012}
}

@article{oussous2018big,
  title={Big Data technologies: A survey},
  author={Oussous, Ahmed and Benjelloun, Fatima-Zahra and Lahcen, Ayoub Ait and Belfkih, Samir},
  journal={Journal of King Saud University-Computer and Information Sciences},
  volume={30},
  number={4},
  pages={431--448},
  year={2018},
  publisher={Elsevier}
}

@book{luu2018beginning,
  title={Beginning Apache Spark 2: with resilient distributed datasets, Spark SQL, structured streaming and Spark machine learning library},
  author={Luu, Hien},
  year={2018},
  publisher={Apress}
}