@article{goldschmidt2015data,
  title={Data mining: conceitos, t{\'e}cnicas, algoritmos, orienta{\c{c}}{\~o}es e aplica{\c{c}}{\~o}es},
  author={Goldschmidt, Ronaldo and Bezerra, Eduardo and Passos, E},
  journal={Rio de Janeiro-RJ: Elsevier},
  pages={56--60},
  year={2015}
}

@inproceedings{zaharia2012rdd,
  title={Resilient distributed datasets: A fault-tolerant abstraction for in-memory cluster computing},
  author={Zaharia, Matei and Chowdhury, Mosharaf and Das, Tathagata and Dave, Ankur and Ma, Justin and McCauley, Murphy and Franklin, Michael J and Shenker, Scott and Stoica, Ion},
  booktitle={Proceedings of the 9th USENIX conference on Networked Systems Design and Implementation},
  year={2012},
  organization={USENIX Association}
}

@article{mcafee2012big,
  title={Big data: the management revolution},
  author={McAfee, Andrew and Brynjolfsson, Erik and Davenport, Thomas H and Patil, DJ and Barton, Dominic},
  journal={Harvard business review},
  volume={90},
  number={10},
  pages={60--68},
  year={2012}
}

@article{oussous2018big,
  title={Big Data technologies: A survey},
  author={Oussous, Ahmed and Benjelloun, Fatima-Zahra and Lahcen, Ayoub Ait and Belfkih, Samir},
  journal={Journal of King Saud University-Computer and Information Sciences},
  volume={30},
  number={4},
  pages={431--448},
  year={2018},
  publisher={Elsevier}
}

@book{luu2018beginning,
  title={Beginning Apache Spark 2: with resilient distributed datasets, Spark SQL, structured streaming and Spark machine learning library},
  author={Luu, Hien},
  year={2018},
  publisher={Apress}
}

@book{frampton2015mastering,
  title={Mastering apache spark},
  author={Frampton, Mike},
  year={2015},
  publisher={Packt Publishing Ltd}
}

@book{karau2015learning,
  title={Learning spark: lightning-fast big data analysis},
  author={Karau, Holden and Konwinski, Andy and Wendell, Patrick and Zaharia, Matei},
  year={2015},
  publisher={" O'Reilly Media, Inc."}
}

@book{chambers2018spark,
  title={Spark: the definitive guide: big data processing made simple},
  author={Chambers, Bill and Zaharia, Matei},
  year={2018},
  publisher={" O'Reilly Media, Inc."}
}

@book{zecevic2016spark,
  title={Spark in Action},
  author={Zecevic, Petar and Bonaci, Marko},
  year={2016},
  publisher={Manning Publications Co.}
}

@inproceedings{kim2000low,
  title={A low-overhead high-performance unified buffer management scheme that exploits sequential and looping references},
  author={Kim, Jong Min and Choi, Jongmoo and Kim, Jesung and Noh, Sam H and Min, Sang Lyul and Cho, Yookun and Kim, Chong Sang},
  booktitle={Proceedings of the 4th conference on Symposium on Operating System Design \& Implementation-Volume 4},
  pages={9},
  year={2000},
  organization={USENIX Association}
}

@article{jiang2002lirs,
  title={LIRS: an efficient low inter-reference recency set replacement policy to improve buffer cache performance},
  author={Jiang, Song and Zhang, Xiaodong},
  journal={ACM SIGMETRICS Performance Evaluation Review},
  volume={30},
  number={1},
  pages={31--42},
  year={2002},
  publisher={ACM}
}

@book{souravgulati2017,
 Author = {Sourav Gulati},
 title = {Apache Spark 2.x for Java Developers: Explore big data at scale using Apache Spark 2.x Java APIs},
 description = {Apache Spark 2.x for Java Developers: Explore big data at scale using Apache Spark 2.x Java APIs (Book, 2017)},
 publisher = {Packt Publishing},
 interhash = {8b2b598f87115f431d0dbebfccfbd8e4},
 intrahash = {fbeabf4981ccf78fd589b9fdf62294eb},
 year = {2017},
 month = {jul},
 isbn = {1787126498},
 url = {https://www.xarg.org/ref/a/1787126498/}
}

@book{haloi2015apache,
  title={Apache ZooKeeper Essentials},
  author={Haloi, Saurav},
  year={2015},
  publisher={Packt Publishing Ltd}
}

@book{junqueira2013zookeeper,
  title={ZooKeeper: distributed process coordination},
  author={Junqueira, Flavio and Reed, Benjamin},
  year={2013},
  publisher={" O'Reilly Media, Inc."}
}

@inproceedings{xu2016neutrino,
  title={Neutrino: Revisiting Memory Caching for Iterative Data Analytics.},
  author={Xu, Erci and Saxena, Mohit and Chiu, Lawrence},
  booktitle={HotStorage},
  year={2016}
}

@article{duan2016selection,
  title={Selection and replacement algorithms for memory performance improvement in Spark},
  author={Duan, Mingxing and Li, Kenli and Tang, Zhuo and Xiao, Guoqing and Li, Keqin},
  journal={Concurrency and Computation: Practice and Experience},
  volume={28},
  number={8},
  pages={2473--2486},
  year={2016},
  publisher={Wiley Online Library}
}

@article{geng2017lcs,
  title={Lcs: an efficient data eviction strategy for spark},
  author={Geng, Yuanzhen and Shi, Xuanhua and Pei, Cheng and Jin, Hai and Jiang, Wenbin},
  journal={International Journal of Parallel Programming},
  volume={45},
  number={6},
  pages={1285--1297},
  year={2017},
  publisher={Springer}
}

@inproceedings{zhang2017intelligent,
  title={Intelligent rdd management for high performance in-memory computing in spark},
  author={Zhang, Mingyue and Chen, Renhai and Zhang, Xiaowang and Feng, Zhiyong and Rao, Guozheng and Wang, Xin},
  booktitle={Proceedings of the 26th International Conference on World Wide Web Companion},
  pages={873--874},
  year={2017},
  organization={International World Wide Web Conferences Steering Committee}
}

@inproceedings{huang2010hibench,
  title={The HiBench benchmark suite: Characterization of the MapReduce-based data analysis},
  author={Huang, Shengsheng and Huang, Jie and Dai, Jinquan and Xie, Tao and Huang, Bo},
  booktitle={Data Engineering Workshops (ICDEW), 2010 IEEE 26th Int. Conference on},
  pages={41--51},
  year={2010},
  organization={IEEE}
}

@book{cohen2014applied,
  title={Applied multiple regression/correlation analysis for the behavioral sciences},
  author={Cohen, Patricia and West, Stephen G and Aiken, Leona S},
  year={2014},
  publisher={Psychology Press}
}
@incollection{benesty2009pearson,
  title={Pearson correlation coefficient},
  author={Benesty, Jacob and Chen, Jingdong and Huang, Yiteng and Cohen, Israel},
  booktitle={Noise reduction in speech processing},
  pages={1--4},
  year={2009},
  publisher={Springer}
}

@book{robinson1990data,
  title={Data cache management using frequency-based replacement},
  author={Robinson, John T and Devarakonda, Murthy V},
  volume={18},
  number={1},
  year={1990},
  publisher={ACM}
}

@book{karau2017high,
  title={High performance Spark: best practices for scaling and optimizing Apache Spark},
  author={Karau, Holden and Warren, Rachel},
  year={2017},
  publisher={" O'Reilly Media, Inc."}
}

@misc{DAGSchedulerSpark,
  author={Apache Spark},
  title={DAGSCheduler},
  year={2017},
  note={Disponível em: <https://github.com/apache/spark/blob/branch-2.2/core/src/main/scala/org/apache/spark/scheduler/DAGScheduler.scala>. Acesso em: 20 out. 2019.},
}

@misc{MemoryStoreSpark,
  author={Apache Spark},
  title={MemoryStore},
  year={2017},
  note={Disponível em: <https://github.com/apache/spark/blob/branch-2.2/core/src/main/scala/org/apache/spark/storage/memory/MemoryStore.scala>. Acesso em: 20 out. 2019.},
}

@misc{UnifiedMemoryManager,
  author={Apache Spark},
  title={UnifiedMemoryManager},
  year={2017},
  note={Disponível em: <https://github.com/apache/spark/blob/branch-2.2/core/src/main/scala/org/apache/spark/memory/UnifiedMemoryManager.scala>. Acesso em: 25 out. 2019.},
}

@misc{BlockManagerSpark,
  author={Apache Spark},
  title={BlockManager},
  year={2017},
  note={Disponível em: <https://github.com/apache/spark/blob/branch-2.2/core/src/main/scala/org/apache/spark/storage/BlockManager.scala>. Acesso em: 02 nov. 2019.},
}

@inproceedings{hunt2010zookeeper,
  title={ZooKeeper: Wait-free Coordination for Internet-scale Systems.},
  author={Hunt, Patrick and Konar, Mahadev and Junqueira, Flavio Paiva and Reed, Benjamin},
  booktitle={USENIX annual technical conference},
  volume={8},
  number={9},
  year={2010},
  organization={Boston, MA, USA}
}

@misc{laskowski2017mastering,
  title={Mastering Apache Spark 2 (2017)},
  author={Laskowski, Jacek},
  year={2017}
}
@article{bolze2006grid,
  title={Grid'5000: A large scale and highly reconfigurable experimental grid testbed},
  author={Bolze, Rapha{\"e}l and Cappello, Franck and Caron, Eddy and Dayd{\'e}, Michel and Desprez, Fr{\'e}d{\'e}ric and Jeannot, Emmanuel and J{\'e}gou, Yvon and Lanteri, Stephane and Leduc, Julien and Melab, Noredine and others},
  journal={The International Journal of High Performance Computing Applications},
  volume={20},
  number={4},
  pages={481--494},
  year={2006},
  publisher={Sage Publications Sage CA: Thousand Oaks, CA}
}

@inproceedings{wang2015new,
  title={A new scheme for cache optimization based on cluster computing framework spark},
  author={Wang, Kun and Zhang, Ke and Gao, Chengxue},
  booktitle={2015 8th International Symposium on Computational Intelligence and Design (ISCID)},
  volume={1},
  pages={114--117},
  year={2015},
  organization={IEEE}
}

@inproceedings{yang2018intermediate,
  title={Intermediate data caching optimization for multi-stage and parallel big data frameworks},
  author={Yang, Zhengyu and Jia, Danlin and Ioannidis, Stratis and Mi, Ningfang and Sheng, Bo},
  booktitle={2018 IEEE 11th International Conference on Cloud Computing (CLOUD)},
  pages={277--284},
  year={2018},
  organization={IEEE}
}

@inproceedings{inagaki2018adaptive,
  title={Adaptive Control of Apache Spark's Data Caching Mechanism Based on Workload Characteristics},
  author={Inagaki, Hideo and Fujii, Tomoyuki and Kawashima, Ryota and Matsuo, Hiroshi},
  booktitle={2018 6th International Conference on Future Internet of Things and Cloud Workshops (FiCloudW)},
  pages={64--69},
  year={2018},
  organization={IEEE}
}